<record><leader>00000cas a22000007a 4500</leader><controlfield tag="001">11294858</controlfield><controlfield tag="008">841022d18731885iauwr ne      0    0eng d</controlfield><datafield ind1=" " ind2=" " tag="010"><subfield code="a">sn 84038389 </subfield></datafield><datafield ind1=" " ind2=" " tag="040"><subfield code="a">NPX</subfield><subfield code="b">eng</subfield><subfield code="c">NPX</subfield><subfield code="d">INP</subfield><subfield code="d">OCLCQ</subfield></datafield><datafield ind1=" " ind2=" " tag="042"><subfield code="a">msc</subfield></datafield><datafield ind1="0" ind2="4" tag="245"><subfield code="a">The Oskaloosa standard.</subfield></datafield><datafield ind1="1" ind2="3" tag="246"><subfield code="a">Weekly standard</subfield></datafield><datafield ind1="1" ind2="3" tag="246"><subfield code="a">Standard</subfield></datafield><datafield ind1=" " ind2=" " tag="260"><subfield code="a">Oskaloosa, Iowa :</subfield><subfield code="b">Porter &amp; Hare</subfield></datafield><datafield ind1=" " ind2=" " tag="300"><subfield code="a">v.</subfield></datafield><datafield ind1=" " ind2=" " tag="310"><subfield code="a">Weekly</subfield></datafield><datafield ind1="1" ind2=" " tag="362"><subfield code="a">Began in 1873? Ceased in 1885.</subfield><subfield code="z">Cf. Bibl. of Iowa newspapers.</subfield></datafield><datafield ind1=" " ind2=" " tag="500"><subfield code="a">Publisher varies.</subfield></datafield><datafield ind1=" " ind2=" " tag="500"><subfield code="a">"Democratic," &lt;1876&gt;.</subfield></datafield><datafield ind1=" " ind2=" " tag="588"><subfield code="a">Description based on: New ser. v. 10, no. 31 (Jan. 29, 1876).</subfield></datafield><datafield ind1=" " ind2=" " tag="752"><subfield code="a">United States</subfield><subfield code="b">Iowa</subfield><subfield code="c">Mahaska</subfield><subfield code="d">Oskaloosa.</subfield></datafield><datafield ind1="0" ind2="7" tag="785"><subfield code="t">Oskaloosa messenger</subfield><subfield code="w">(DLC)sn 83025176</subfield></datafield><datafield ind1="0" ind2="7" tag="785"><subfield code="t">Labor union (Oskaloosa, Iowa)</subfield></datafield></record>